@article{mccaffrey1981estimating,
  title={Estimating room temperatures and the likelihood of flashover using fire test data correlations},
  author={McCaffrey, BJ and Quintiere, JG and Harkleroad, MF},
  journal={Fire Technology},
  volume={17},
  number={2},
  pages={98--119},
  year={1981},
  publisher={Springer}
}

@article{baker2011ignition,
  title={Ignition of secondary objects in a design fire simulation tool},
  author={Baker, GREG and Fleury, R and Spearpoint, MICHAEL and Fleischmann, CM and Wade, COLLEEN},
  journal={Fire Safety Science},
  volume={10},
  pages={1359--1372},
  year={2011}
}

@techreport{peacock1993cfast,
  title={CFAST: The Consolidated Model of Fire Growth and Smoke Transport.},
  author={Peacock, Richard D and Forney, Glenn P and Reneke, Paul A and Jones, Walter W and Portier, R W},
  year={1993}
}

@book{wade2000branzfire,
  title={BRANZFIRE Technical reference guide},
  author={Wade, CA},
  year={2000},
  publisher={BRANZ}
}


@article{anderson2018quantifying,
  title={Quantifying generalized residential fire risk using ensemble fire models with survey and physical data},
  author={Anderson, Austin and Ezekoye, Ofodike A},
  journal={Fire technology},
  volume={54},
  number={3},
  pages={715--747},
  year={2018},
  publisher={Springer}
}

@article{baker2013developing,
  title={Developing probabilistic design fires for performance-based fire safety engineering},
  author={Baker, Greg and Wade, Colleen and Spearpoint, Michael and Fleischmann, Charley},
  journal={Procedia Engineering},
  volume={62},
  pages={639--647},
  year={2013},
  publisher={Elsevier}
}

@article{hostikka2005two,
  title={Two-model monte carlo simulation of fire scenarios},
  author={Hostikka, Simo and Korhonen, Timo and Keski-Rahkonen, Olavi},
  journal={Fire Safety Science},
  volume={8},
  pages={1241--1252},
  year={2005}
}

@article{hodges2019compartment,
  title={Compartment fire predictions using transpose convolutional neural networks},
  author={Hodges, Jonathan L and Lattimer, Brian Y and Luxbacher, Kray D},
  journal={Fire Safety Journal},
  volume={108},
  pages={102854},
  year={2019},
  publisher={Elsevier}
}

@article{lattimer2020using,
  title={Using machine learning in physics-based simulation of fire},
  author={Lattimer, BY and Hodges, JL and Lattimer, AM},
  journal={Fire Safety Journal},
  pages={102991},
  year={2020},
  publisher={Elsevier}
}

@article{dreng2008method,
  title={Method for coupling three-dimensional transient pollutant transport into one-dimensional transport simulation based on concentration response factor},
  author={DrEng, Yoshihiro Ishida and DrEng, Shinsuke Kato},
  journal={ASHRAE Transactions},
  volume={114},
  pages={259},
  year={2008},
  publisher={American Society of Heating, Refrigeration and Air Conditioning Engineers, Inc.}
}

@article{tan2005application,
  title={Application of integrating multi-zone model with CFD simulation to natural ventilation prediction},
  author={Tan, Gang and Glicksman, Leon R},
  journal={Energy and Buildings},
  volume={37},
  number={10},
  pages={1049--1057},
  year={2005},
  publisher={Elsevier}
}

@article{wang2007validation,
  title={Validation of a coupled multizone-CFD program for building airflow and contaminant transport simulations},
  author={Wang, Liangzhu and Chen, Qingyan},
  journal={HVAC\&R Research},
  volume={13},
  number={2},
  pages={267--281},
  year={2007},
  publisher={Taylor \& Francis}
}

@article{colella2009calculation,
  title={Calculation and design of tunnel ventilation systems using a two-scale modelling approach},
  author={Colella, Francesco and Rein, Guillermo and Borchiellini, Romano and Carvel, R and Torero, Jose L and Verda, Vittorio},
  journal={Building and Environment},
  volume={44},
  number={12},
  pages={2357--2367},
  year={2009},
  publisher={Elsevier}
}

@article{floyd2011coupling,
  title={Coupling a network HVAC model to a computational fluid dynamics model using large eddy simulation},
  author={Floyd, Jason},
  journal={Fire Safety Science},
  volume={10},
  pages={459--470},
  year={2011}
}

@article{colella2011multiscale,
  title={Multiscale modeling of transient flows from fire and ventilation in long tunnels},
  author={Colella, Francesco and Rein, Guillermo and Verda, Vittorio and Borchiellini, Romano},
  journal={Computers \& Fluids},
  volume={51},
  number={1},
  pages={16--29},
  year={2011},
  publisher={Elsevier}
}

@article{pan2009survey,
  title={A survey on transfer learning},
  author={Pan, Sinno Jialin and Yang, Qiang},
  journal={IEEE Transactions on knowledge and data engineering},
  volume={22},
  number={10},
  pages={1345--1359},
  year={2009},
  publisher={IEEE}
}

@inproceedings{ruder2019transfer,
  title={Transfer learning in natural language processing},
  author={Ruder, Sebastian and Peters, Matthew E and Swayamdipta, Swabha and Wolf, Thomas},
  booktitle={Proceedings of the 2019 Conference of the North American Chapter of the Association for Computational Linguistics: Tutorials},
  pages={15--18},
  year={2019}
}

@article{gopalakrishnan2017deep,
  title={Deep Convolutional Neural Networks with transfer learning for computer vision-based data-driven pavement distress detection},
  author={Gopalakrishnan, Kasthurirangan and Khaitan, Siddhartha K and Choudhary, Alok and Agrawal, Ankit},
  journal={Construction and Building Materials},
  volume={157},
  pages={322--330},
  year={2017},
  publisher={Elsevier}
}


@article{babrauskas1992heat,
  title={Heat release rate: the single most important variable in fire hazard},
  author={Babrauskas, Vytenis and Peacock, Richard D},
  journal={Fire safety journal},
  volume={18},
  number={3},
  pages={255--272},
  year={1992},
  publisher={Elsevier}
}


@article{jahn2008effect,
  title={The effect of model parameters on the simulation of fire dynamics},
  author={Jahn, Wolfram and Rein, Guillermo and Torero, Jose L},
  year={2008},
  publisher={The International Assocation of Fire Safety Science (IAFSS)}
}

@article{babrauskas1984development,
  title={Development of the cone calorimeterâ€”a bench-scale heat release rate apparatus based on oxygen consumption},
  author={Babrauskas, Vytenis},
  journal={Fire and Materials},
  volume={8},
  number={2},
  pages={81--95},
  year={1984},
  publisher={Wiley Online Library}
}


@article{huggett1980estimation,
  title={Estimation of rate of heat release by means of oxygen consumption measurements},
  author={Huggett, Clayton},
  journal={Fire and Materials},
  volume={4},
  number={2},
  pages={61--65},
  year={1980},
  publisher={Wiley Online Library}
}

@article{smith1996heat,
  title={Heat release rate calorimetry},
  author={Smith, Edwin E},
  journal={Fire Technology},
  volume={32},
  number={4},
  pages={333--347},
  year={1996},
  publisher={Springer}
}

@techreport{babrauskas1982upholstered,
  title={Upholstered Furniture Heat Release Rates Measured With a Furniture Calorimeter.},
  author={Babrauskas, Vyto and Lawson, James R and Walton, William D and Twilley, W H},
  year={1982}
}

@article{martin1975characterization,
  title={Characterization of the Standford Research Institute large-scale heat-release-rate calorimeter},
  author={Martin, Stanley B},
  journal={Stanford Univ. Report},
  year={1975}
}

@incollection{janssens2016calorimetry,
  title={Calorimetry},
  author={Janssens, Marc},
  booktitle={SFPE Handbook of Fire Protection Engineering},
  pages={905--951},
  year={2016},
  publisher={Springer}
}

@article{abecassis2008characterisation,
  title={Characterisation of Dalmarnock fire test one},
  author={Abecassis-Empis, Cecilia and Reszka, Pedro and Steinhaus, Thomas and Cowlard, Adam and Biteau, Hubert and Welch, Stephen and Rein, Guillermo and Torero, Jose L},
  journal={Experimental Thermal and Fluid Science},
  volume={32},
  number={7},
  pages={1334--1343},
  year={2008},
  publisher={Elsevier}
}

@article{richards1997fire,
  title={Fire detection, location and heat release rate through inverse problem solution. Part I: Theory},
  author={Richards, RF and Munk, BN and Plumb, OA},
  journal={Fire safety journal},
  volume={28},
  number={4},
  pages={323--350},
  year={1997},
  publisher={Elsevier}
}

@article{overholt2012characterizing,
  title={Characterizing heat release rates using an inverse fire modeling technique},
  author={Overholt, Kristopher J and Ezekoye, Ofodike A},
  journal={Fire Technology},
  volume={48},
  number={4},
  pages={893--909},
  year={2012},
  publisher={Springer}
}

@inproceedings{kurzawski2017inversion,
  title={Inversion for Fire Heat Release Rate Using Transient Heat Flux Data},
  author={Kurzawski, Andrew and Ezekoye, Ofodike A},
  booktitle={ASME 2017 Heat Transfer Summer Conference},
  year={2017},
  organization={American Society of Mechanical Engineers Digital Collection}
}

@article{lee2017deep,
  title={Deep neural networks as gaussian processes},
  author={Lee, Jaehoon and Bahri, Yasaman and Novak, Roman and Schoenholz, Samuel S and Pennington, Jeffrey and Sohl-Dickstein, Jascha},
  journal={arXiv preprint arXiv:1711.00165},
  year={2017}
}
@article{jones2001scipy,
  title={SciPy: Open source scientific tools for Python},
  author={Jones, Eric and Oliphant, Travis and Peterson, Pearu},
  year={2001}
}

@inproceedings{rasmussen2003gaussian,
  title={Gaussian processes in machine learning},
  author={Rasmussen, Carl Edward},
  booktitle={Summer School on Machine Learning},
  pages={63--71},
  year={2003},
  organization={Springer}
}

@article{kingma2014adam,
  title={Adam: A method for stochastic optimization},
  author={Kingma, Diederik P and Ba, Jimmy},
  journal={arXiv preprint arXiv:1412.6980},
  year={2014}
}

@article{chollet2018keras,
  title={Keras: The python deep learning library},
  author={Chollet, Fran{\c{c}}ois and others},
  journal={Astrophysics Source Code Library},
  year={2018}
}

@article{sola1997importance,
  title={Importance of input data normalization for the application of neural networks to complex industrial problems},
  author={Sola, J and Sevilla, Joaquin},
  journal={IEEE Transactions on nuclear science},
  volume={44},
  number={3},
  pages={1464--1468},
  year={1997},
  publisher={IEEE}
}
@article{Cabrera:2020,
  Author = {J.M. Cabrera, R.D. Moser, O. A. Ezekoye},
  Journal = {Journal of Verification, Validation and Uncertainty Quantification},
  Pages = {1-10},
  Title = {A Modified Directional Flame Thermometer: Development, Calibration, and Uncertainty Quantification},
  Volume = {5},
  Year = {2020}}

@article{Weinschenk:2011,
  Author = {Craig Weinschenk, CM Beal, Ofodike A. Ezekoye},
  Journal = {Journal of Fire Protection Engineering},
  Pages = {85-114},
  Title = {Modeling fan-driven flows for firefighting tactics using simple analytical models and CFD},
  Volume = {21},
  Year = {2011}}

@article{Overholt:2014,
  Author = {K.J. Overholt, J. Cabrera, A. Kurzawski, M. Koopersmith, O.A. Ezekoye},
  Journal = {Fire Technology},
  Pages = {9-38},
  Title = {Characterization of Fuel Properties and Fire Spread Rates for Little Bluestem Grass},
  Volume = {50},
  Year = {2014}}

@phdthesis{Kurzawski:2017,
  Address = {Austin, Texas},
  Author = {Andrew J. Kurzawski},
  School = {The University of Texas at Austin},
  Title = {Inverse Modeling and Characterization of an Experimental Testbed to Advance Fire Scene Reconstruction},
  Year = {2017}}

@techreport{NFPA:286,
  Type = {Standard},
  Title = {Standard Methods of Fire Tests for Evaluating Contribution of Wall and Ceiling Interior Finish to Room Fire Growth},
  Volume = {2019},
  Institution = {National Fire Protection Agency},
  Year = {2019}}
  
  
  @article{mcgrattan2020fire,
  title={Fire dynamics simulator technical reference guide volume 3: validation},
  author={McGrattan, Kevin and Hostikka, Simo and Floyd, Jason and McDermott, Randall and Vanella, Marcos},
  journal={NIST special publication},
  volume={1018},
  number={3},
  pages={1001},
  year={2020}
}

@article{bruns2016inferring,
  title={Inferring and propagating kinetic parameter uncertainty for condensed phase burning models},
  author={Bruns, Morgan C},
  journal={Fire Technology},
  volume={52},
  number={1},
  pages={93--120},
  year={2016},
  publisher={Springer}
}

@article{overholt2015quantitative,
  title={Quantitative testing of fire scenario hypotheses: a bayesian inference approach},
  author={Overholt, Kristopher J and Ezekoye, Ofodike A},
  journal={Fire Technology},
  volume={51},
  number={2},
  pages={335--367},
  year={2015},
  publisher={Springer}
}

@article{patil2010pymc,
  title={PyMC: Bayesian stochastic modelling in Python},
  author={Patil, Anand and Huard, David and Fonnesbeck, Christopher J},
  journal={Journal of statistical software},
  volume={35},
  number={4},
  pages={1},
  year={2010},
  publisher={Europe PMC Funders}
}

@article{koseki1989combustion,
  title={Combustion properties of large liquid pool fires},
  author={Koseki, Hiroshi},
  journal={Fire Technology},
  volume={25},
  number={3},
  pages={241--255},
  year={1989},
  publisher={Springer}
}

@incollection{beyler2016fire,
  title={Fire hazard calculations for large, open hydrocarbon fires},
  author={Beyler, Craig L},
  booktitle={SFPE handbook of fire protection engineering},
  pages={2591--2663},
  year={2016},
  publisher={Springer}
}

@article{fleury2010evaluation,
  title={Evaluation of thermal radiation models for fire spread between objects},
  author={Fleury, Rob},
  year={2010},
  publisher={University of Canterbury. Civil and Natural Resources Engineering}
}

@article{f2007methods,
  title={Methods to account for spatial autocorrelation in the analysis of species distributional data: a review},
  author={F. Dormann, Carsten and M. McPherson, Jana and B. Ara{\'u}jo, Miguel and Bivand, Roger and Bolliger, Janine and Carl, Gudrun and G. Davies, Richard and Hirzel, Alexandre and Jetz, Walter and Daniel Kissling, W and others},
  journal={Ecography},
  volume={30},
  number={5},
  pages={609--628},
  year={2007},
  publisher={Wiley Online Library}
}

@article{dormann2007effects,
  title={Effects of incorporating spatial autocorrelation into the analysis of species distribution data},
  author={Dormann, Carsten F},
  journal={Global ecology and biogeography},
  volume={16},
  number={2},
  pages={129--138},
  year={2007},
  publisher={Wiley Online Library}
}